@misc{tethys_2014,
	author  = {{US DOE}},
	title   = {{Reference Model 3: Wave Point Absorber}},
	year    = {2014},
	url     = {https://tethys-engineering.pnnl.gov/signature-projects/rm3-wave-point-absorber}	
}


@misc{Bogolyubov_2024,
	author  = {N.N. Bogolyubov},
	title   = {{Perturbation Theory}},
	year    = {2024},
	url     = {https://encyclopediaofmath.org/index.php?title=Perturbation_theory}
}


@article{Zhang_2021,
	author   = {Y. Zhang and Y. Zhao and W. Sun and J. Li},
	title    = {{Ocean wave energy converters: Technical principle, device realization, and performance evaluation}},
	year     = {2021},
	journal  = {Renewable and Sustainable Energy Reviews},
	volume   = {141},
	doi      = {10.1016/j.rser.2021.110764}
}


@book{Holthuijsen_2010,
	author     = {L.H. Holthuijsen},
	title      = {Waves in Oceanic and Coastal Waters},
	year       = {2010},
	publisher  = {Cambridge University Press},
	note       = {ISBN-13: 978-1-13-946252-5}
}